%
% BibTex Database
% ===========================================================================
% This is part of the document "Project documentation template".
% Authors: brd3
%

@book{duvallconint,
	author = {Paul M. Duvall},
	title = {Continuous Integration: Improving Software Quality and Reducing Risk},
	publisher = {Addison-Wesley Professional},
	volume = {1},
	year = {2007},
	isbn = {978-0321336385}
}

@book{boochooad,
	author = {Grady Booch},
	title = {Object-Oriented Analysis and Design with Applications},
	publisher = {Addison-Wesley},
	volume = {1},
	year = {1993},
	isbn = {978-0805353402}
}

@booklet{robertshistory,
	title = {15 years of CI},
	author = {Mike Roberts},
	year = {2015},
	url = {http://bit.ly/18EMkmW}
}

@misc{ibmciserver,
	title = {Selection of CI Server},
	author = {IBM},
	year = {2006},
	url = {http://www.ibm.com/developerworks/library/j-ap09056/}
}

@misc{fowlerci,
	title = {Continuous Integration},
	author = {Martin Fowler},
	year = {2006},
	url = {http://www.martinfowler.com/articles/continuousIntegration.html}
}

@misc{mvnsql,
	title = {SQL Maven Plugin},
	author = {SQLMavenPlugin},
	year = {2015},
	url = {http://www.mojohaus.org/sql-maven-plugin/examples/execute.html}
}

@misc{wikici,
	title = {Continuous Integration},
	author = {various},
	year = {2015},
	url = {https://en.wikipedia.org/wiki/Continuous_integration}
}


@misc{github:nemerleaopsrc,
	title = {Nemerle AOP Example},
	year = {2015},
	author = {Russian Software Developer Network (RSDN)},
	url = {https://github.com/rsdn/nemerle/tree/master/snippets/aop/src/ftests}
}

