%
% BibTex Database
% ===========================================================================
% This is part of the document "Project documentation template".
% Authors: brd3
%

@book{laddad:aspectj,
	author = {Ramnivas Laddad},
	title = {AspectJ in Action 2nd Edition},
	publisher = {Manning Publications},
	volume = {2},
	year = {2009},
	isbn = {978-1933988054}
}

@booklet{raichle:bibtex_programmierung,
  title = {Einführung in die {BibTeX}-{P}rogrammierung},
  author = {Bernd Raichle},
  year = {2002},
  institution = {DANTE},
  url = {http://www.dante.de/dante/events/dante2002/handouts/raichle-bibtexprog.pdf}
}

@misc{MiKTeX,
  author = {Christian Schenk},
  title = {{MiKTeX Project Page}},
  url = {http://www.miktex.org/},
}